@BOOK {scottnicholson2014,
    author    = "Scott Nicholson",
    title     = "A RECIPE for Meaningful Gamification",
    publisher = "Wood, L \& Reiners, T., eds. Gamification in Education and Business, New York: Springer",
    year      = "2014",
    month     = "October"
}
@ARTICLE {williamr.hersh2002,
    author  = "William R. Hersh",
    title   = "Medical Informatics: Improving Health Care Through Information",
    journal = "American Medical Association",
    year    = "2002",
    volume  = "288",
    number  = "16",
    month   = "October"
}
@ARTICLE {luisRodrigues2016,
    author  = "Luís Filipe Rodrigues, Abílio Oliveira, Carlos J. Costa",
    title   = "Playing seriously e How gamification and social cues influence bank customers to use gamified e-business applications",
    journal = "Elsevier",
    year    = "2016",
    month   = "may"
}
@ARTICLE {reeve2004,
    author = "Reeve, Johnmarshall and Deci, Edward L and Ryan, Richard M",
    title  = "Self-determination theory: a dialectical framework for understanding sociocultural influences on student",
    journal = "Big theories revisited",
    year = "2004",
    volume = "4",
    pages = "31",
    publisher = "Information Age Press"
}
@ARTICLE{nicholson2012user,
  title={A user-centered theoretical framework for meaningful gamification},
  author={Nicholson, Scott},
  journal={Games+ Learning+ Society},
  volume={8},
  number={1},
  pages={223--230},
  year={2012}
}
@ARTICLE{rose2000universal,
  title={Universal design for learning},
  author={Rose, David},
  journal={Journal of Special Education Technology},
  volume={15},
  number={1},
  pages={67},
  year={2000},
  publisher={Exceptional Innovations, Inc.}
}
@ARTICLE {maroneykevin2001,
    author  = "Maroney, Kevin",
    title   = "My entire waking life",
    journal = "The Games Journal",
    year    = "2001",
    month   = "may"
}
@BOOK {mihalycsikszentmihalyi2008,
    author    = "Mihaly Csikszentmihalyi",
    title     = "Flow: The Psychology of Optimal Experience (Harper Perennial Modern Classics)",
    publisher = "Harper Perennial Modern Classics",
    year      = "2008",
    edition   = "first",
    month     = "jul"
}
@inproceedings{deterding2011game,
  title={From game design elements to gamefulness: defining gamification},
  author={Deterding, Sebastian and Dixon, Dan and Khaled, Rilla and Nacke, Lennart},
  booktitle={Proceedings of the 15th international academic MindTrek conference: Envisioning future media environments},
  pages={9--15},
  year={2011},
  organization={ACM}
}
@ARTICLE {kolb1981learning,
  title={Learning styles and disciplinary differences},
  author={Kolb, David A},
  journal={The modern American college},
  volume={1},
  pages={232--255},
  year={1981}
}
@BOOK {karlmkapp2012,
    author    = "Karl M Kapp",
    title     = "The gamification of learning and instruction: Game-based methods and strategies for training and education",
    publisher = "Pfeiffer",
    year      = "2012",
    address   = "San Francisco, CA",
    month     = "jan"
}
@article {alidarejeh2016,
author = {Ali Darejeh and Siti Salwah Salim},
title = {Gamification Solutions to Enhance Software User Engagement—A Systematic Review},
journal = {International Journal of Human–Computer Interaction},
volume = {32},
number = {8},
pages = {613-642},
year = {2016}
}
@article{ryan2000intrinsic,
  title={Intrinsic and extrinsic motivations: Classic definitions and new directions},
  author={Ryan, Richard M and Deci, Edward L},
  journal={Contemporary educational psychology},
  volume={25},
  number={1},
  pages={54--67},
  year={2000},
  publisher={Elsevier}
}
@inproceedings{marcelo2007health,
  title={Health informatics in the Philippines},
  author={Marcelo, Alvin B and others},
  booktitle={Medinfo 2007: Proceedings of the 12th World Congress on Health (Medical) Informatics; Building Sustainable Health Systems},
  pages={2481},
  year={2007},
  organization={IOS Press}
}
@article{nguyen2008analysis,
  title={An analysis of the healthcare informatics and systems in Southeast Asia: a current perspective from seven countries},
  author={Nguyen, QT and Naguib, RNG and Abd Ghani, MK and Bali, Rajeev K and Lee, IM},
  journal={International journal of electronic healthcare},
  volume={4},
  number={2},
  pages={184--207},
  year={2008},
  publisher={Inderscience Publishers}
}
@article{premji2012implementing,
  title={Implementing electronic health information systems in local community settings: Examining individual and organizational change experiences in the Philippines},
  author={Premji, Shainur and Casebeer, Ann and Scott, Richard E},
  journal={Electronic Journal of Information Systems Evaluation},
  volume={15},
  number={2},
  pages={186--197},
  year={2012},
  publisher={Academic Conferences International Limited}
}
@article{fraser2005implementing,
  title={Implementing electronic medical record systems in developing countries},
  author={Fraser, Hamish and Biondich, Paul and Moodley, Deshen and Choi, Sharon and Mamlin, Burke and Szolovits, Peter},
  journal={Journal of Innovation in Health Informatics},
  volume={13},
  number={2},
  pages={83--95},
  year={2005}
}
@inproceedings{andrade2016bright,
  title={The Bright and Dark Sides of Gamification},
  author={Andrade, Fernando RH and Mizoguchi, Riichiro and Isotani, Seiji},
  booktitle={International Conference on Intelligent Tutoring Systems},
  pages={176--186},
  year={2016},
  organization={Springer}
}
